@misc{couzin2013cancer,
	title={Cancer immunotherapy},
	author={Couzin-Frankel, Jennifer},
	year={2013},
	publisher={American Association for the Advancement of Science}
}

@misc{bworld,
	title = {Tumor immunology and immunotherapy},
	howpublished = "\url{https://www.nature.com/collections/cbypxdjxfz}",
	year = {2018}, 
	note = "[Online]"
}

@article{june2012t,
	title={T-cell therapy at the threshold},
	author={June, Carl and Rosenberg, Steven A and Sadelain, Michel and Weber, Jeffrey S},
	journal={Nature biotechnology},
	volume={30},
	number={7},
	pages={611--614},
	year={2012},
	publisher={Nature Publishing Group}
}

@article{esfahani2020review,
	title={A review of cancer immunotherapy: from the past, to the present, to the future},
	author={Esfahani, K and Roudaia, L and Buhlaiga, N and Del Rincon, SV and Papneja, N and Miller Jr, WH},
	journal={Current Oncology},
	volume={27},
	number={Suppl 2},
	pages={S87},
	year={2020},
	publisher={Multimed Inc.}
}