@book{o2005philip,
	title={Philip's atlas of world history},
	author={O'Brien, Patrick},
	year={2005},
	publisher={George Philip}
}

@book{parry2010age,
	title={The Age of Reconnaissance: Discovery, Exporation and Settlement, 1450-1650},
	author={Parry, John Horace},
	year={2010},
	publisher={Hachette UK}
}